
@inproceedings{erol1994htn,
  title="{{HTN} planning: Complexity and expressivity}",
  author={Erol, Kutluhan and Hendler, James and Nau, Dana S},
  booktitle={AAAI},
  volume={94},
  pages={1123--1128},
  year={1994}
}

@inproceedings{nau1998control,
  title="{Control strategies in {HTN} planning: Theory versus practice}",
  author={Nau, Dana S and Smith, Stephen JJ and Erol, Kutluhan and others},
  booktitle={AAAI/IAAI},
  pages={1127--1133},
  year={1998}
}

@article{hong2011computing,
  title="{On computing the distribution function for the sum of independent and nonidentical random indicators}",
  author={Hong, Yili},
  journal={Technical Reports},
  volume={11},
  year={2011}
}

@inproceedings{lesire2011validation,
  title="{Validation of real-time properties of a robotic software architecture}",
  author={Lesire, Charles and Doose, David and Cass{\'e}, Hugues and others},
  booktitle={6th National Conference on Control Architectures of Robots},
  year={2011}
}


@article{devroye1980generating,
  title="{Generating the maximum of independent identically distributed random variables}",
  author={Devroye, Luc},
  journal={Computers \& Mathematics with Applications},
  volume={6},
  number={3},
  pages={305--315},
  year={1980},
  publisher={Elsevier}
}


@inproceedings{gopalan2011fptas,
  title="{An FPTAS for\# Knapsack and related counting problems}",
  author={Gopalan, Parikshit and Klivans, Adam and Meka, Raghu and Stefankovic, Daniel and Vempala, Santosh and Vigoda, Eric},
  booktitle={Foundations of Computer Science (FOCS), 2011 IEEE 52nd Annual Symposium on},
  pages={817--826},
  year={2011},
  organization={IEEE}
}

@inproceedings{dyer2003approximate,
  title="{Approximate counting by dynamic programming}",
  author={Dyer, Martin},
  booktitle={Proceedings of the thirty-fifth annual ACM symposium on Theory of computing},
  pages={693--699},
  year={2003},
  organization={ACM}
}



@article{erol1996complexity,
  title="{Complexity results for {HTN} planning}",
  author={Erol, Kutluhan and Hendler, James and Nau, Dana S},
  journal={Annals of Mathematics and Artificial Intelligence},
  volume={18},
  number={1},
  pages={69--93},
  year={1996},
  publisher={Springer}
}


@article{mercier2007discrete,
  title="{Discrete random bounds for general random variables and applications to reliability}",
  author={Mercier, Sophie},
  journal={European journal of operational research},
  volume={177},
  number={1},
  pages={378--405},
  year={2007},
  publisher={Elsevier}
}


@article{evans2004algorithms,
  title="{Algorithms for computing the distributions of sums of discrete random variables}",
  author={Evans, Diane L and Leemis, Lawrence M},
  journal={Mathematical and Computer Modelling},
  volume={40},
  number={13},
  pages={1429--1452},
  year={2004},
  publisher={Elsevier}
}

@article{lai2006knapsack,
  title="{The knapsack problem and fully polynomial time approximation schemes ({FPTAS})}",
  author={Lai, Katherine and Goemans, M},
  journal={Retrieved November},
  volume={3},
  pages={2012},
  year={2006}
}


@book{vazirani2001approximation,
  title="{Approximation algorithms}",
  author={Vazirani, Vijay V},
  year={2001},
  publisher={springer}
}



@article{lawler1979fast,
  title={Fast approximation algorithms for knapsack problems},
  author={Lawler, Eugene L},
  journal="{Mathematics of Operations Research}",
  volume={4},
  number={4},
  pages={339--356},
  year={1979},
  publisher={INFORMS}
}


@book{Garey:1990:CIG:574848,
 author = {Garey, Michael R. and Johnson, David S.},
 title = "{Computers and Intractability; A Guide to the Theory of {NP}-Completeness}",
 year = {1990},
 isbn = {0716710455},
 publisher = {W. H. Freeman \& Co.},
 address = {New York, NY, USA},
} 


@book{Russell:2003:AIM:773294,
 author = {Russell, Stuart J. and Norvig, Peter},
 title = "{Artificial Intelligence: A Modern Approach}",
 year = {2003},
 isbn = {0137903952},
 edition = {2},
 publisher = {Pearson Education},
} 


@book{Cormen:2001:IA:580470,
 author = {Cormen, Thomas H. and Stein, Clifford and Rivest, Ronald L. and Leiserson, Charles E.},
 title = "{Introduction to Algorithms}",
 year = {2001},
 isbn = {0070131511},
 edition = {2nd},
 publisher = {McGraw-Hill Higher Education},
} 


@article{hong2013computing,
  title="{On computing the distribution function for the Poisson binomial distribution}",
  author={Hong, Yili},
  journal={Computational Statistics \& Data Analysis},
  volume={59},
  pages={41--51},
  year={2013},
  publisher={Elsevier}
}

@article{gutjahr1992average,
  title="{Average Execution Times of Series--Parallel Networks}",
  author={Gutjahr, WJ and Pflug, G Ch},
  journal={S{\'e}minaire Lotharingien de Combinatoire},
  volume={29},
  pages={9},
  year={1992}
}

@inproceedings{gabaldon2002programming,
  title="{Programming hierarchical task networks in the situation calculus}",
  author={Gabaldon, Alfredo},
  booktitle={AIPSâ€™02 Workshop on On-line Planning and Scheduling},
  year={2002}
}


@inproceedings{kelly2008offline,
  title="{Offline Planning with Hierarchical Task Networks in Video Games.}",
  author={Kelly, John Paul and Botea, Adi and Koenig, Sven},
  booktitle={AIIDE},
  pages={60--65},
  year={2008}
}

@inproceedings{li2009learning,
  title="{Learning Probabilistic Hierarchical Task Networks to Capture User Preferences.}",
  author={Li, Nan and Kambhampati, Subbarao and Yoon, Sung Wook},
  booktitle={IJCAI},
  pages={1754--1759},
  year={2009}
}


@inproceedings{hogg2009learning,
  title="{Learning hierarchical task networks for nondeterministic planning domains}",
  author={Hogg, Chad and Kuter, Ugur and Mu{\~n}oz-Avila, H{\'e}ctor},
  booktitle={Twenty-First International Joint Conference on Artificial Intelligence},
  year={2009}
}

@article{nau2003shop2,
  title="{{SHOP2}: An {HTN} planning system}",
  author={Nau, Dana S and Au, Tsz-Chiu and Ilghami, Okhtay and Kuter, Ugur and Murdock, J William and Wu, Dan and Yaman, Fusun},
  journal={J. Artif. Intell. Res. (JAIR)},
  volume={20},
  pages={379--404},
  year={2003}
}

@article{bucher1988adaptive,
  title="{Adaptive sampling{:} an iterative fast {M}onte {C}arlo procedure}",
  author={Bucher, Christian G},
  journal={Structural Safety},
  volume={5},
  number={2},
  pages={119--126},
  year={1988},
  publisher={Elsevier}
}

@book{lipton1990practical,
  title="{Practical selectivity estimation through adaptive sampling}",
  author={Lipton, Richard J and Naughton, Jeffrey F and Schneider, Donovan A},
  volume={19},
  number={2},
  year={1990},
  publisher={ACM}
}

@book{arora2009computational,
  title="{Computational complexity: a modern approach}",
  author={Arora, Sanjeev and Barak, Boaz},
  year={2009},
  publisher={Cambridge University Press}
}

@book{gelenbe1989multiprocessor,
  title="{Multiprocessor performance}",
  author={Gelenbe, Erol},
  year={1989},
  publisher={Wiley}
}

@misc{bromiley2013products,
  title="{Products and Convolutions of Gaussian Probability Density Functions}",
  author={Bromiley, PA},
  year={2013},
  publisher={Tina-Vision Memo}
}

@article{hagstrom1988computational,
  title="{Computational complexity of PERT problems}",
  author={Hagstrom, Jane N},
  journal={Networks},
  volume={18},
  number={2},
  pages={139--147},
  year={1988},
  publisher={Wiley Online Library}
}

@article{beck2007proactive,
  title="{Proactive Algorithms for Job Shop Scheduling with Probabilistic Durations.}",
  author={Beck, J Christopher and Wilson, Nic},
  journal={J. Artif. Intell. Res.(JAIR)},
  volume={28},
  pages={183--232},
  year={2007}
}

@inproceedings{fu2010towards,
  title="{Towards Finding Robust Execution Strategies for RCPSP/max with Durational Uncertainty.}",
  author={Fu, Na and Varakantham, Pradeep and Lau, Hoong Chuin},
  booktitle={ICAPS},
  pages={73--80},
  year={2010}
}

@incollection{bonfietti2014disregarding,
  title="{Disregarding Duration Uncertainty in Partial Order Schedules? Yes, We Can!}",
  author={Bonfietti, Alessio and Lombardi, Michele and Milano, Michela},
  booktitle={Integration of AI and OR Techniques in Constraint Programming},
  pages={210--225},
  year={2014},
  publisher={Springer}
}

@article{herroelen2005project,
  title="{Project scheduling under uncertainty: Survey and research potentials}",
  author={Herroelen, Willy and Leus, Roel},
  journal={European journal of operational research},
  volume={165},
  number={2},
  pages={289--306},
  year={2005},
  publisher={Elsevier}
}

@article{kvarnstrom2000talplanner,
  title="{TALplanner: A temporal logic based forward chaining planner}",
  author={Kvarnstr{\"o}m, Jonas and Doherty, Patrick},
  journal={Annals of Mathematics and Artificial Intelligence},
  volume={30},
  number={1-4},
  pages={119--169},
  year={2000},
  publisher={Springer}
}

@ARTICLE{Cohen2015deadline,
   author = {{Cohen}, L. and {Eyal Shimony}, S. and {Weiss}, G.},
    title = "{Estimating the Probability of Meeting a Deadline in Hierarchical Plans}",
  journal = {ArXiv e-prints},
archivePrefix = "arXiv",
   eprint = {1503.01327},
 primaryClass = "cs.AI",
 keywords = {Computer Science - Artificial Intelligence},
     year = 2015,
    month = mar,
   adsurl = {http://adsabs.harvard.edu/abs/2015arXiv150301327C},
  adsnote = {Provided by the SAO/NASA Astrophysics Data System}
}

@article{simmons2001planning,
  title="{Planning, Execution \& Learning 1. Linear \& Non-Linear Planning}",
  author={Simmons, Reid},
  journal={(Script). Carnegie Mellon University, USA},
  year={2001}
}

@article{aktolga2004java,
  title="{A Java planner for Blocksworld problems}",
  author={Aktolga, Elif},
  journal={University of Osnabrueck},
  year={2004},
  publisher={Citeseer}
}

@article{morris2004random,
  title={Random walks on truncated cubes and sampling 0-1 knapsack solutions},
  author={Morris, Ben and Sinclair, Alistair},
  journal={SIAM journal on computing},
  volume={34},
  number={1},
  pages={195--226},
  year={2004},
  publisher={SIAM}
}

@inproceedings{buyya2011sla,
  title={{SLA}-oriented resource provisioning for cloud computing: {Challenges}, architecture, and solutions},
  author={Buyya, Rajkumar and Garg, Saurabh Kumar and Calheiros, Rodrigo N},
  booktitle={Cloud and Service Computing (CSC), 2011 International Conference on},
  pages={1--10},
  year={2011},
  organization={IEEE}
}

@article{chakravarty1982partitioning,
  title={A partitioning problem with additive objective with an application to optimal inventory groupings for joint replenishment},
  author={Chakravarty, AK and Orlin, JB and Rothblum, UG},
  journal={Operations Research},
  volume={30},
  number={5},
  pages={1018--1022},
  year={1982},
  publisher={INFORMS}
}